@misc{microsoftSDLPractices,
	author = {Microsoft},
	title = {What are the Microsoft SDL practices?},
	howpublished = {Verfügbar unter \url{https://www.microsoft.com/en-us/securityengineering/sdl/practices} abgerufen am 11.02.2020}
}

@article{234523453r67,
	author = {Radha, Vedala and Reddy, D.},
	year = {2012},
	month = {12},
	pages = {134–139},
	title = {A Survey on Single Sign-On Techniques},
	volume = {4},
	journal = {Procedia Technology},
	doi = {10.1016/j.protcy.2012.05.019}
}

@article{4523452345,
	author = {Bazaz, Tayibia and Khalique, Aqeel},
	year = {2016},
	month = {10},
	pages = {18-25},
	title = {A Review on Single Sign on Enabling Technologies and Protocols},
	volume = {151},
	journal = {International Journal of Computer Applications},
	doi = {10.5120/ijca2016911938}
}

@techreport{RFC6819,
	AUTHOR = {Lodderstedt, T. and McGloin,M. and Hunt, P.},
	TITLE = "{OAuth 2.0 Threat Model and Security Considerations}",
	HOWPUBLISHED = {Internet Requests for Comments},
	TYPE="{RFC}",
	NUMBER=6819,
	PAGES = {1-71},
	YEAR = {2013},
	MONTH = {1},
	ISSN = {2070-1721},
	PUBLISHER = "{RFC Editor}",
	INSTITUTION = "{RFC Editor}",
	URL={https://www.rfc-editor.org/rfc/rfc6819.txt}
}