% BibLaTeX (Biber) Mode!!!

@Book{MKS2009,
  author = 	 {Tim Mather and Subra Kumaraswamy and Shahed Latif},
  title = 	 {Cloud Computing and Privacy},
  year = 	 2009,
  titleaddon = {Hermines Literatur},
  publisher = {O'Reilly}}

@Online{ssoProtocols,
	author = {{Redhat, Inc.}},
	title = 	 {Server Administration Guide - Red Hat Single Sign-On 7.0},
	year = 	 2020,
	url = 	 {https://access.redhat.com/documentation/en-us/red_hat_single_sign-on/7.0/html/server_administration_guide/index},
	urldate = 	 {2020-11-25}}

@Book{OAuth2inAction,
	author = {Richer, Justin and Sanso, Antonio},
	title = {OAuth 2 in Action},
	publisher = {Manning Publications},
	edition = {1},
	address = {{Shelter Island, NY  11964 }},
	year = {2017}
}

@Online{AuthorizationvsAuthentication,
	author = {{Okta, Inc.}},
	title = 	 {Authorization vs Authentication},
	year = 	 2020,
	url = 	 {https://www.oauth.com/oauth2-servers/openid-connect/authorization-vs-authentication/},
	urldate = 	 {2020-11-25}}

@techreport{RFC6819,
	AUTHOR = {Lodderstedt, T. and McGloin,M. and Hunt, P.},
	TITLE = "{OAuth 2.0 Threat Model and Security Considerations}",
	HOWPUBLISHED = {Internet Requests for Comments},
	TYPE="{RFC}",
	NUMBER=6819,
	PAGES = {1-71},
	YEAR = {2013},
	MONTH = {1},
	ISSN = {2070-1721},
	PUBLISHER = "{RFC Editor}",
	INSTITUTION = "{RFC Editor}",
	URL={https://www.rfc-editor.org/rfc/rfc6819.txt}}



