% Encoding: UTF-8

@Misc{1,
  title        = {Jsfuzz: coverage-guided fuzz testing for Javascript},
  howpublished = {\url{https://github.com/fuzzitdev/jsfuzz}},
  note         = {Accessed: 24.10.2020},
}

@Misc{2,
  title        = {js-fuzz},
  howpublished = {\url{https://github.com/connor4312/js-fuzz}},
  note         = {Accessed: 24.10.2020},
}

@Misc{3,
  title        = {gremlins.js},
  howpublished = {\url{https://github.com/marmelab/gremlins.js/}},
  note         = {Accessed: 24.10.2020},
}

@Misc{4,
  title        = {Webmonkey},
  howpublished = {\url{https://github.com/Wildhoney/Webmonkey}},
  note         = {Accessed: 24.10.2020},
}

@Misc{5,
  title        = {Difference between fuzz testing and monkey test},
  howpublished = {\url{https://stackoverflow.com/questions/10241957/difference-between-fuzz-testing-and-monkey-test}},
  note         = {Accessed: 24.10.2020},
}

@Misc{6,
  title        = {pyppeteer},
  howpublished = {\url{https://github.com/pyppeteer/pyppeteer}},
  note         = {Accessed: 24.10.2020},
}

@Misc{7,
  title        = {radamsa},
  howpublished = {\url{https://gitlab.com/akihe/radamsa}},
  note         = {Accessed: 24.10.2020},
}

@Misc{8,
  author       = {Michal Zalewski},
  title        = {Technical "whitepaper" for afl-fuzz},
  howpublished = {\url{https://lcamtuf.coredump.cx/afl/technical_details.txt}},
  note         = {Accessed: 24.10.2020},
}

@Misc{9,
  author       = {Michal Zalewski},
  title        = {Binary fuzzing strategies: what works, what doesn't},
  howpublished = {\url{https://lcamtuf.blogspot.com/2014/08/binary-fuzzing-strategies-what-works.html}},
  note         = {Accessed: 24.10.2020},
}

@Article{10,
  author  = {Valentin Jean Marie Man√®s et al.},
  title   = {The art, science, and engineering of fuzzing: A survey},
  journal = {IEEE Transactions on Software Engineering},
  year    = {2019},
  pages   = {13-14},
}

@Comment{jabref-meta: databaseType:bibtex;}
