% BibLaTeX (Biber) Mode!!!

@Book{MKS2009,
  author = 	 {Tim Mather and Subra Kumaraswamy and Shahed Latif},
  title = 	 {Cloud Computing and Privacy},
  year = 	 2009,
  titleaddon = {Sheldons Literatur},
  publisher = {O'Reilly}}

